<?xml version="1.0" encoding="UTF-8"?><record xmlns="http://www.loc.gov/MARC21/slim" xmlns:cinclude="http://apache.org/cocoon/include/1.0" xmlns:zs="http://www.loc.gov/zing/srw/">
  <leader>00462nz  a2200133n  4500</leader>
  <controlfield tag="001">no 90018830 </controlfield>
  <controlfield tag="003">DLC</controlfield>
  <controlfield tag="005">19900913054947.6</controlfield>
  <controlfield tag="008">900908n| acannaab|          |a aaa     c</controlfield>
  <datafield tag="010" ind1=" " ind2=" ">
    <subfield code="a">no 90018830 </subfield>
  </datafield>
  <datafield tag="040" ind1=" " ind2=" ">
    <subfield code="a">CLU</subfield>
    <subfield code="c">CLU</subfield>
  </datafield>
  <datafield tag="100" ind1="1" ind2="0">
    <subfield code="a">Agibalova, V. V.</subfield>
    <subfield code="q">(Valentina Vasilʹevna)</subfield>
  </datafield>
  <datafield tag="400" ind1="1" ind2="0">
    <subfield code="a">Agibalova, Valentina Vasilʹevna</subfield>
  </datafield>
  <datafield tag="670" ind1=" " ind2=" ">
    <subfield code="a">Her S ri︠u︡kzakom po tropam T︠S︡entralʹnogo Kavkaza, 1963:</subfield>
    <subfield code="b">t.p. (V.V. Agibalova) verso t.p. (Valentina Vasilʹevna Agibalova)</subfield>
  </datafield>
</record>